@article{marcus2018deep,
  title={Deep learning: A critical appraisal},
  author={Marcus, Gary},
  journal={arXiv preprint arXiv:1801.00631},
  year={2018}
}

@inproceedings{sap2019risk,
  title={The risk of racial bias in hate speech detection},
  author={Sap, Maarten and Card, Dallas and Gabriel, Saadia and Choi, Yejin and Smith, Noah A},
  booktitle={Proceedings of the 57th annual meeting of the association for computational linguistics},
  pages={1668--1678},
  year={2019}
}

@inproceedings{holzinger2022explainable,
  title={Explainable AI methods-a brief overview},
  author={Holzinger, Andreas and Saranti, Anna and Molnar, Christoph and Biecek, Przemyslaw and Samek, Wojciech},
  booktitle={International Workshop on Extending Explainable AI Beyond Deep Models and Classifiers},
  pages={13--38},
  year={2022},
  organization={Springer}
}


@article{das2020opportunities,
  title={Opportunities and challenges in explainable artificial intelligence (xai): A survey},
  author={Das, Arun and Rad, Paul},
  journal={arXiv preprint arXiv:2006.11371},
  year={2020}
}

@inproceedings{sundararajan2017axiomatic,
  title={Axiomatic attribution for deep networks},
  author={Sundararajan, Mukund and Taly, Ankur and Yan, Qiqi},
  booktitle={International conference on machine learning},
  pages={3319--3328},
  year={2017},
  organization={PMLR}
}

@inproceedings{shrikumar2017learning,
  title={Learning important features through propagating activation differences},
  author={Shrikumar, Avanti and Greenside, Peyton and Kundaje, Anshul},
  booktitle={International conference on machine learning},
  pages={3145--3153},
  year={2017},
  organization={PMLR}
}

@article{lundberg2017unified,
  title={A unified approach to interpreting model predictions},
  author={Lundberg, Scott M and Lee, Su-In},
  journal={Advances in neural information processing systems},
  volume={30},
  year={2017}
}

@article{smilkov2017smoothgrad,
  title={Smoothgrad: removing noise by adding noise},
  author={Smilkov, Daniel and Thorat, Nikhil and Kim, Been and Vi{\'e}gas, Fernanda and Wattenberg, Martin},
  journal={arXiv preprint arXiv:1706.03825},
  year={2017}
}

@inproceedings{chen2019fast,
  title={Fast approximate geodesics for deep generative models},
  author={Chen, Nutan and Ferroni, Francesco and Klushyn, Alexej and Paraschos, Alexandros and Bayer, Justin and Smagt, Patrick van der},
  booktitle={International Conference on Artificial Neural Networks},
  pages={554--566},
  year={2019},
  organization={Springer}
}

@article{yang2018geodesic,
  title={Geodesic clustering in deep generative models},
  author={Yang, Tao and Arvanitidis, Georgios and Fu, Dongmei and Li, Xiaogang and Hauberg, S{\o}ren},
  journal={arXiv preprint arXiv:1809.04747},
  year={2018}
}

@inproceedings{kapishnikov2021guided,
  title={Guided integrated gradients: An adaptive path method for removing noise},
  author={Kapishnikov, Andrei and Venugopalan, Subhashini and Avci, Besim and Wedin, Ben and Terry, Michael and Bolukbasi, Tolga},
  booktitle={Proceedings of the IEEE/CVF conference on computer vision and pattern recognition},
  pages={5050--5058},
  year={2021}
}

@article{shaham2018provable,
  title={Provable approximation properties for deep neural networks},
  author={Shaham, Uri and Cloninger, Alexander and Coifman, Ronald R},
  journal={Applied and Computational Harmonic Analysis},
  volume={44},
  number={3},
  pages={537--557},
  year={2018},
  publisher={Elsevier}
}

@article{crane2020survey,
  title={A survey of algorithms for geodesic paths and distances},
  author={Crane, Keenan and Livesu, Marco and Puppo, Enrico and Qin, Yipeng},
  journal={arXiv preprint arXiv:2007.10430},
  year={2020}
}

@article{tenenbaum2000global,
  title={A global geometric framework for nonlinear dimensionality reduction},
  author={Tenenbaum, Joshua B and Silva, Vin de and Langford, John C},
  journal={science},
  volume={290},
  number={5500},
  pages={2319--2323},
  year={2000},
  publisher={American Association for the Advancement of Science}
}

@article{jha2020enhanced,
  title={Enhanced integrated gradients: improving interpretability of deep learning models using splicing codes as a case study},
  author={Jha, Anupama and K Aicher, Joseph and R Gazzara, Matthew and Singh, Deependra and Barash, Yoseph},
  journal={Genome biology},
  volume={21},
  number={1},
  pages={1--22},
  year={2020},
  publisher={BioMed Central}
}

@misc{pascal-voc-2012,
	author = "Everingham, M. and Van~Gool, L. and Williams, C. K. I. and Winn, J. and Zisserman, A.",
	title = "The {PASCAL} {V}isual {O}bject {C}lasses {C}hallenge 2012 {(VOC2012)} {R}esults",
	howpublished = "http://www.pascal-network.org/challenges/VOC/voc2012/workshop/index.html"}

@article{dombrowski2019explanations,
  title={Explanations can be manipulated and geometry is to blame},
  author={Dombrowski, Ann-Kathrin and Alber, Maximillian and Anders, Christopher and Ackermann, Marcel and M{\"u}ller, Klaus-Robert and Kessel, Pan},
  journal={Advances in Neural Information Processing Systems},
  volume={32},
  year={2019}
}

@inproceedings{he2016deep,
  title={Deep residual learning for image recognition},
  author={He, Kaiming and Zhang, Xiangyu and Ren, Shaoqing and Sun, Jian},
  booktitle={Proceedings of the IEEE conference on computer vision and pattern recognition},
  pages={770--778},
  year={2016}
}

@article{scikit-learn,
 title={Scikit-learn: Machine Learning in {P}ython},
 author={Pedregosa, F. and Varoquaux, G. and Gramfort, A. and Michel, V.
         and Thirion, B. and Grisel, O. and Blondel, M. and Prettenhofer, P.
         and Weiss, R. and Dubourg, V. and Vanderplas, J. and Passos, A. and
         Cournapeau, D. and Brucher, M. and Perrot, M. and Duchesnay, E.},
 journal={Journal of Machine Learning Research},
 volume={12},
 pages={2825--2830},
 year={2011}
}

@article{sanyal2021discretized,
  title={Discretized integrated gradients for explaining language models},
  author={Sanyal, Soumya and Ren, Xiang},
  journal={arXiv preprint arXiv:2108.13654},
  year={2021}
}

@article{shrikumar2016not,
  title={Not just a black box: Learning important features through propagating activation differences},
  author={Shrikumar, Avanti and Greenside, Peyton and Shcherbina, Anna and Kundaje, Anshul},
  journal={arXiv preprint arXiv:1605.01713},
  year={2016}
}

@inproceedings{ribeiro2016should,
  title={" Why should i trust you?" Explaining the predictions of any classifier},
  author={Ribeiro, Marco Tulio and Singh, Sameer and Guestrin, Carlos},
  booktitle={Proceedings of the 22nd ACM SIGKDD international conference on knowledge discovery and data mining},
  pages={1135--1144},
  year={2016}
}

@inproceedings{zeiler2014visualizing,
  title={Visualizing and understanding convolutional networks},
  author={Zeiler, Matthew D and Fergus, Rob},
  booktitle={European conference on computer vision},
  pages={818--833},
  year={2014},
  organization={Springer}
}

@article{tonekaboni2020went,
  title={What went wrong and when? Instance-wise feature importance for time-series black-box models},
  author={Tonekaboni, Sana and Joshi, Shalmali and Campbell, Kieran and Duvenaud, David K and Goldenberg, Anna},
  journal={Advances in Neural Information Processing Systems},
  volume={33},
  pages={799--809},
  year={2020}
}

@article{deyoung2019eraser,
  title={ERASER: A benchmark to evaluate rationalized NLP models},
  author={DeYoung, Jay and Jain, Sarthak and Rajani, Nazneen Fatema and Lehman, Eric and Xiong, Caiming and Socher, Richard and Wallace, Byron C},
  journal={arXiv preprint arXiv:1911.03429},
  year={2019}
}

@article{lerma2021symmetry,
  title={Symmetry-Preserving Paths in Integrated Gradients},
  author={Lerma, Miguel and Lucas, Mirtha},
  journal={arXiv preprint arXiv:2103.13533},
  year={2021}
}

@article{ancona2017towards,
  title={Towards better understanding of gradient-based attribution methods for deep neural networks},
  author={Ancona, Marco and Ceolini, Enea and {\"O}ztireli, Cengiz and Gross, Markus},
  journal={arXiv preprint arXiv:1711.06104},
  year={2017}
}

@article{bach2015pixel,
  title={On pixel-wise explanations for non-linear classifier decisions by layer-wise relevance propagation},
  author={Bach, Sebastian and Binder, Alexander and Montavon, Gr{\'e}goire and Klauschen, Frederick and M{\"u}ller, Klaus-Robert and Samek, Wojciech},
  journal={PloS one},
  volume={10},
  number={7},
  pages={e0130140},
  year={2015},
  publisher={Public Library of Science San Francisco, CA USA}
}
